<?xml version="1.0" encoding="utf-8"?>
<record xmlns="http://www.loc.gov/MARC21/slim" xmlns:xsi="http://www.w3.org/2001/XMLSchema-instance" xsi:schemaLocation="http://www.loc.gov/MARC21/slim http://www.loc.gov/standards/marcxml/schema/MARC21slim.xsd">
	<leader>     nam a22     Mi 4500</leader>
	<controlfield tag="001">b14412238</controlfield>
	<controlfield tag="003">UaCaAUL</controlfield>
	<controlfield tag="006">m        d        </controlfield>
	<controlfield tag="007">cr cn |||m|||a</controlfield>
	<controlfield tag="008">200122s1940    mr f    o    f000 0 ara d</controlfield>
	<datafield ind1=" " ind2=" " tag="040">
		<subfield code="a">ZYU</subfield>
		<subfield code="b">ara</subfield>
		<subfield code="e">rda</subfield>
		<subfield code="c">ZYU</subfield>
	</datafield>
	<datafield ind1="0" ind2=" " tag="041">
		<subfield code="a">ara</subfield>
		<subfield code="a">spa</subfield>
	</datafield>
	<datafield ind1=" " ind2=" " tag="043">
		<subfield code="a">f-mr---</subfield>
	</datafield>
	<datafield ind1=" " ind2="4" tag="050">
		<subfield code="a">DT311</subfield>
		<subfield code="b">.M6 1940</subfield>
	</datafield>
	<datafield ind1="1" ind2=" " tag="100">
		<subfield code="6">880-01</subfield>
		<subfield code="a">Montalbán y de Mazas, César Luis de.</subfield>
	</datafield>
	<datafield ind1="1" ind2="0" tag="245">
		<subfield code="6">880-02</subfield>
		<subfield code="a">Ḥafrīyāt Idmirkūrī wa-Ṭābirnis :</subfield>
		<subfield code="b">mulakhkhaṣ al-mudhakkirah allatī rafaʻahā ilá al-Majlis al-Aʻlá lil-Āthār wa-al-ʻādīyāt al-qadīmah al-Sayyid Qayṣar Munṭalbān bi-natāʼij al-ḥafrīyāt allatī ujriyat fī khilāl sanat 1939 = Resumen de la memoria presentada ante esta junta por D. Cesar L. Montalbán referente a los trabajos efectuados en el año 1939 en las ruinas de Ad-Mercuri y Tabernes (región occidental)</subfield>
	</datafield>
	<datafield ind1="3" ind2="1" tag="246">
		<subfield code="a">Resumen de la memoria presentada ante esta junta por D. Cesar L. Montalbán referente a los trabajos efectuados en el año 1939 en las ruinas de Ad-Mercuri y Tabernes (región occidental)</subfield>
	</datafield>
	<datafield ind1=" " ind2="1" tag="264">
		<subfield code="6">880-03</subfield>
		<subfield code="a">al-ʻArāʼish, al-Maghrib :</subfield>
		<subfield code="b">iʻtaná bi-nashrihā bi-al-lughatayn Maʻhad al-Jinirāl Frankū lil-Abḥāth al-ʻArabīyah-al-Isbānīyah,</subfield>
		<subfield code="c">1940.</subfield>
	</datafield>
	<datafield ind1=" " ind2="3" tag="264">
		<subfield code="6">880-04</subfield>
		<subfield code="a">al-ʻArāʼish, al-Maghrib :</subfield>
		<subfield code="b">Maṭbaʻat al-Funūn al-Muṣawwarah Būskā.</subfield>
	</datafield>
	<datafield ind1=" " ind2=" " tag="300">
		<subfield code="a">online resource (15, 14 pages, 2 unnumbered pages, 11 unnumbered leaves of plates)</subfield>
	</datafield>
	<datafield ind1=" " ind2=" " tag="336">
		<subfield code="a">text</subfield>
		<subfield code="2">rdacontent</subfield>
	</datafield>
	<datafield ind1=" " ind2=" " tag="337">
		<subfield code="a">computer</subfield>
		<subfield code="2">rdamedia</subfield>
	</datafield>
	<datafield ind1=" " ind2=" " tag="338">
		<subfield code="a">online resource</subfield>
		<subfield code="2">rdacarrier</subfield>
	</datafield>
	<datafield ind1="0" ind2=" " tag="490">
		<subfield code="6">880-05</subfield>
		<subfield code="a">Ḥimāyah al-Isbānīyah bi-al-Maghrib : Majlis al-Aʻlá lil-Āthār al-Tārīkhīyah wa-al-Fannīyah ;</subfield>
		<subfield code="v">raqm 1</subfield>
	</datafield>
	<datafield ind1=" " ind2=" " tag="500">
		<subfield code="a">Title on added title page: Resumen de la memoria presentada ante esta junta por D. Cesar L. Montalbán referente a los trabajos efectuados en el año 1939 en las ruinas de Ad-Mercuri y Tabernes (región occidental)</subfield>
	</datafield>
	<datafield ind1=" " ind2=" " tag="500">
		<subfield code="a">Part of the Arabic Collections Online (ACO) project, contributed by American University in Cairo Library.</subfield>
	</datafield>
	<datafield ind1=" " ind2=" " tag="533">
		<subfield code="a">Electronic reproduction.</subfield>
		<subfield code="b">New York, N.Y. :</subfield>
		<subfield code="c">New York University,</subfield>
		<subfield code="d">2020.</subfield>
		<subfield code="5">NNU</subfield>
	</datafield>
	<datafield ind1=" " ind2=" " tag="546">
		<subfield code="a">Arabic and Spanish.</subfield>
	</datafield>
	<datafield ind1=" " ind2="0" tag="651">
		<subfield code="a">Morocco</subfield>
		<subfield code="x">Antiquities.</subfield>
	</datafield>
	<datafield ind1=" " ind2="7" tag="650">
		<subfield code="a">Antiquities.</subfield>
		<subfield code="2">fast</subfield>
		<subfield code="0">(OCoLC)fst00810745</subfield>
	</datafield>
	<datafield ind1=" " ind2="7" tag="651">
		<subfield code="a">Morocco.</subfield>
		<subfield code="2">fast</subfield>
		<subfield code="0">(OCoLC)fst01205592</subfield>
	</datafield>
	<datafield ind1="2" ind2=" " tag="710">
		<subfield code="a">American University in Cairo.</subfield>
		<subfield code="b">Library.</subfield>
	</datafield>
	<datafield ind1="0" ind2=" " tag="730">
		<subfield code="a">Arabic Collections Online.</subfield>
	</datafield>
	<datafield ind1="0" ind2="8" tag="776">
		<subfield code="i">Print version:</subfield>
		<subfield code="a">Montalbán y de Mazas, César Luis de.</subfield>
		<subfield code="t">Ḥafrīyāt Idmirkūrī wa-Ṭābirnis</subfield>
		<subfield code="w">(UaCaAUL)b14412238</subfield>
		<subfield code="w">(OCoLC)33995842</subfield>
	</datafield>
	<datafield ind1="4" ind2="0" tag="856">
		<subfield code="u">http://hdl.handle.net/2333.1/xgxd2fp6</subfield>
	</datafield>
	<datafield ind1="1" ind2=" " tag="880">
		<subfield code="6">100-01</subfield>
		<subfield code="a">منطلبان, قيصر.</subfield>
	</datafield>
	<datafield ind1="1" ind2="0" tag="880">
		<subfield code="6">245-02</subfield>
		<subfield code="a">حفريات ادمركوري وطابرنس :</subfield>
		<subfield code="b">ملخص المذكرة التي رفعها الى المجلس الاعلى للآثار والعاديات القديمة السيد قيصر منطلبان بنتائج الحفريات التي أجريت في خلال سنة 1939.</subfield>
	</datafield>
	<datafield ind1=" " ind2="1" tag="880">
		<subfield code="6">264-03</subfield>
		<subfield code="a">العرائش، المغرب :</subfield>
		<subfield code="b">اعتنى بنشرها باللغتين معهد الجنرال فرنكو للابحاث العربية-الاسبانية،</subfield>
		<subfield code="c">1940.</subfield>
	</datafield>
	<datafield ind1=" " ind2="3" tag="880">
		<subfield code="6">264-04</subfield>
		<subfield code="a">العرائش، المغرب :</subfield>
		<subfield code="b">مطبعة الفنون المصورة بوسكا.</subfield>
	</datafield>
	<datafield ind1="0" ind2=" " tag="880">
		<subfield code="6">490-05</subfield>
		<subfield code="a">حماية الاسبانية بالمغرب : مجلس الأعلى للآثار التاريخية والفنية ؛</subfield>
		<subfield code="v">رقم1</subfield>
	</datafield>
	<datafield ind1=" " ind2=" " tag="959">
		<subfield code="a">NNU</subfield>
		<subfield code="b">WEB</subfield>
		<subfield code="c">GENI</subfield>
		<subfield code="t">0</subfield>
		<subfield code="m">Electronic access</subfield>
		<subfield code="s">01</subfield>
	</datafield>
	<datafield ind1=" " ind2=" " tag="999">
		<subfield code="i">UaCaAUL_b14412238</subfield>
		<subfield code="o">(OCoLC)ocm33995842 </subfield>
		<subfield code="s">auc_aco000610</subfield>
		<subfield code="e">(ERROR-880)(ERROR-SERIES)</subfield>
	</datafield>
</record>
